@article{Heron:2007,
    title = {Botnet command and control techniques},
    journal = {Network Security},
    volume = {2007},
    number = {4},
    pages = {13-16},
    year = {2007},
    issn = {1353-4858},
    doi = {https://doi.org/10.1016/S1353-4858(07)70045-4},
    url = {https://www.sciencedirect.com/science/article/pii/S1353485807700454},
    author = {Simon Heron}
}

@article{Stefan:2000,
    author = {Axelsson, Stefan},
    year = {2000},
    month = {04},
    title = {Intrusion Detection Systems: A Survey and Taxonomy},
    publisher = {Department of Computer Engineering
    Chalmers University of Technology}
}
